<record><leader>00000cas a22000007a 4500</leader><controlfield tag="001">9791556</controlfield><controlfield tag="008">830809d1860186utxuwr ne      0   b0ger d</controlfield><datafield ind1=" " ind2=" " tag="010"><subfield code="a">sn 83025731 </subfield></datafield><datafield ind1=" " ind2=" " tag="040"><subfield code="a">NPV</subfield><subfield code="b">eng</subfield><subfield code="c">NPV</subfield><subfield code="d">NPX</subfield><subfield code="d">NPV</subfield><subfield code="d">PPM</subfield><subfield code="d">OCL</subfield><subfield code="d">OCLCQ</subfield><subfield code="d">OCLCF</subfield><subfield code="d">OCLCO</subfield><subfield code="d">OCLCA</subfield></datafield><datafield ind1=" " ind2=" " tag="042"><subfield code="a">msc</subfield></datafield><datafield ind1=" " ind2=" " tag="043"><subfield code="a">n-us-tx</subfield></datafield><datafield ind1=" " ind2=" " tag="045"><subfield code="a">w6w6</subfield></datafield><datafield ind1=" " ind2=" " tag="052"><subfield code="a">4033</subfield><subfield code="b">H35</subfield><subfield code="b">V5</subfield></datafield><datafield ind1="0" ind2="4" tag="245"><subfield code="a">Der Texas Demokrat.</subfield></datafield><datafield ind1=" " ind2=" " tag="260"><subfield code="a">Victoria, Tex. :</subfield><subfield code="b">G.H. White</subfield></datafield><datafield ind1=" " ind2=" " tag="300"><subfield code="a">v. ;</subfield><subfield code="c">37-56 cm.</subfield></datafield><datafield ind1=" " ind2=" " tag="310"><subfield code="a">Weekly</subfield></datafield><datafield ind1="1" ind2=" " tag="362"><subfield code="a">Began in 1860?</subfield></datafield><datafield ind1=" " ind2=" " tag="500"><subfield code="a">Published in Houston, Tex. by Oskar &amp; Friedrick Dietzel, May 23, 1863-1869.</subfield></datafield><datafield ind1=" " ind2=" " tag="500"><subfield code="a">Printed on wallpaper, Dez. 1863-Apr. 1864.</subfield></datafield><datafield ind1=" " ind2=" " tag="546"><subfield code="a">In German.</subfield></datafield><datafield ind1=" " ind2=" " tag="588"><subfield code="a">Description based on Jahrg. 1, Nr. 14 (Feb. 14, 1861).</subfield></datafield><datafield ind1=" " ind2="0" tag="650"><subfield code="a">Germans</subfield><subfield code="z">Texas</subfield><subfield code="v">Newspapers.</subfield></datafield><datafield ind1=" " ind2="7" tag="655"><subfield code="a">Newspapers.</subfield><subfield code="2">fast</subfield><subfield code="0">(OCoLC)fst01423814</subfield></datafield><datafield ind1=" " ind2="7" tag="650"><subfield code="a">Germans.</subfield><subfield code="2">fast</subfield><subfield code="0">(OCoLC)fst00942100</subfield></datafield><datafield ind1=" " ind2="7" tag="651"><subfield code="a">Texas.</subfield><subfield code="2">fast</subfield><subfield code="0">(OCoLC)fst01210336</subfield></datafield><datafield ind1=" " ind2=" " tag="752"><subfield code="a">United States</subfield><subfield code="b">Texas</subfield><subfield code="c">Victoria</subfield><subfield code="d">Victoria.</subfield></datafield><datafield ind1=" " ind2=" " tag="752"><subfield code="a">United States</subfield><subfield code="b">Texas</subfield><subfield code="c">Harris</subfield><subfield code="d">Houston.</subfield></datafield><datafield ind1="0" ind2="0" tag="785"><subfield code="t">Wochentliche Texas post</subfield><subfield code="w">(DLC)sn 84022292</subfield></datafield></record>